@book{best2006linux,
  title={Linux Debugging And Performance Tuning: Tips And Techniques},
  author={Best, S.},
  isbn={9780131492479},
  lccn={2005017192},
  series={Prentice Hall Open Source Software Development Series},
  url={http://books.google.by/books?id=FHiAQgAACAAJ},
  year={2006},
  publisher={Prentice Hall Professional Technical Reference}
}


@misc{abs01,
	author = {Mendel Cooper},
	title = {Advanced Bash-Scripting Guide},
	year = {2012},
	howpublished = {\url{http://tldp.org/LDP/abs/html/}},
	note = "[Online; accessed 25-10-2012]",
	language = {english},
}

@misc{tgs-perftools01,
	author = {Ramesh Natarajan},
	title = {Top 25 Best Linux Performance Monitoring and Debugging Tools},
	year = {2011},
	howpublished = {\url{http://www.thegeekstuff.com/2011/12/linux-performance-monitoring-tools/}},
	note = "[Online; accessed 25-10-2012]",
	language = {english},
}

@misc{gdb01,
	author = {Free Software Foundation},
	title = {Debugging with gdb},
	year = {2012},
	howpublished = {\url{http://sourceware.org/gdb/download/onlinedocs/gdb/index.html}},
	note = "[Online; accessed 26-10-2012]",
	language = {english},
}

@misc{boot01,
	author = {Mc.Sim},
	title = {Этапы загрузки ОС Linux},
	year = {2011},
	howpublished = {\url{http://www.k-max.name/linux/nachalo-etapy-zagruzki-os-linux-v-sxeme/}},
	note = "[Online; accessed 12-11-2012]",
	language = {russian},
}
